@article{Borkar2019,
    author = {S. Borkar and K. Kolhe},
    title = {A Review on Sentiment Analysis of Twitter Data Using Machine Learning Techniques},
    journal = {International Journal of Emerging Technologies and Innovative Research},
    year = {2019},
    volume = {6},
    number = {6},
    pages = {691-696},
    note = {Available online},
}

@article{Kim2021,
    author = {B. Kim and L. Chen and D. Park},
    title = {A Comprehensive Study on Sentiment Analysis Techniques for Social Media Data},
    journal = {IEEE Access},
    year = {2021},
    volume = {9},
    pages = {47735-47757},
}

@article{Gupta2022,
    author = {S. Gupta and M. Reddy},
    title = {Sentiment Analysis Using NLP and Machine Learning: A Survey},
    journal = {ACM Computing Surveys},
    year = {2022},
    volume = {54},
    number = {4},
    article = {85},
    pages = {1-34},
}

@article{Lopez2021,
    author = {E. Lopez and K. Singh and D. Kim},
    title = {A Systematic Literature Review on Sentiment Analysis of Health-Related Social Media Posts Using Machine Learning Techniques},
    journal = {Journal of Biomedical Informatics},
    year = {2021},
    volume = {113},
    pages = {103621},
}

@inproceedings{Obulapuram2023,
    author = {T.V. Sai Obulapuram and J. A. Sa Reddy Yendreddy and L. S. Kotari and V. T. Tirumalasetty and T. Santhi Se and S. S. Imambi},
    title = {A Review: Sentiment Analysis Methods and their use in Social Media Platforms},
    booktitle = {International Conference on Innovative Data Communication Technologies and Application (ICIDCA)},
    year = {2023},
    pages = {499-504},
    doi = {10.1109/ICIDCA56705.2023.10100189},
    keywords = {Training, Support vector machines, Sentiment analysis, Systematics, Social networking (online), Text recognition, Blogs, Machine Learning, social media, Sentimental Analysis},
}

@inproceedings{Wang2023,
    author = {Zhe Wang and Ying Liu and Le Fang and Daxiang Li},
    title = {Deep Learning-Based Sentiment Analysis for Social Media},
    booktitle = {Proceedings of the 2022 5th International Conference on Artificial Intelligence and Pattern Recognition (AIPR 22)},
    year = {2023},
    pages = {30-37},
    doi = {https://doi.org/10.1145/3573942.3573947},
}

@article{Aarts2020,
    author = {Aarts, Jiang, and Chen},
    title = {A Practical Application for sentiment analysis on social media textual data},
    year = {2020},
}

@article{Sharma2019,
    author = {Sharma, D. M. and others},
    title = {Sentiment Analysis Techniques for Social Media Data: A Review},
    year = {2019},
}

@article{Arulmurugan2019,
    author = {Arulmurugan, R. and others},
    title = {Twitter Sentiment Analysis using Machine Learning Techniques},
    year = {2019},
}

@article{Ahuja2019,
    author = {Ahuja, R. and others},
    title = {Deep Learning for Sentiment Analysis on Social Media Text},
    year = {2019},
}
